@Misc{foundation,
  title  = "{規制の概念とその論理的還元}",
  author = "佐伯 一冴",
  howpublished = "\url{https://github.com/issasaek/foundation}"
}

@book{クワインa,
    author = "W.V.O. クワイン",
    note = "大出晃・藤村龍雄 訳",
    title = "集合論とその論理",
    publisher = "岩波書店",
    year = 1968 }

@book{クワインb,
    author = "W.V.O. クワイン",
    note = "中村秀吉・大森荘蔵・藤村龍雄 訳",
    title = "論理学の方法",
    publisher = "岩波書店",
    year = 1978 }

@book{クワインc,
  title={論理的観点から: 論理と哲学をめぐる九章},
  author={W.V.O. クワイン},
  isbn={9784326198870},
  series={双書プロブレーマタ 2期7},
  url={https://books.google.co.jp/books?id=7GIXAAAACAAJ},
  year={1992},
  publisher={勁草書房},
  note={飯田隆 訳}
}

@book{クワインd,
  title={ことばと対象},
  author={W.V.O. クワイン},
  isbn={9784326198733},
  url={https://books.google.co.jp/books?id=tGkZNQEACAAJ},
  year={1984},
  publisher={勁草書房},
  note={大出晃・宮館恵 訳}
}

@book{クワインe,
  title={真理を追って},
  author={W.V.O. クワイン},
  isbn={9784782801222},
  url={https://books.google.co.jp/books?id=jeNHXwAACAAJ},
  year={1999},
  publisher={産業図書},
  note={伊藤春樹・清塚邦彦 訳}
}

@book{清水,
    author = "清水 義夫",
    note = "",
    title = "記号論理学",
    publisher = "東京大学出版会",
    year = 1984 }

@book{レイノルズ,
  title={オペラント心理学入門: 行動分析への道},
  author={G.S. レイノルズ},
  note ={浅野俊夫 訳},
  isbn={9784781900438},
  url={https://books.google.co.jp/books?id=FaEJaAEACAAJ},
  year={1978},
  publisher={サイエンス社}
}

@incollection{Quine,
    title={Whither physical objects?},
    author={Quine, Willard},
    booktitle={Essays in memory of imre lakatos},
    pages={497--504},
    year={1976},
    publisher={Springer}
}

@article{Lewis,
    title={Causation},
    author={Lewis, David},
    journal={The journal of philosophy},
    volume={70},
    number={17},
    pages={556--567},
    year={1974}
}

@article{長谷川,
    title={スキナー以後の心理学 (23) 言語行動, ルール支配行動, 関係フレーム理論},
    author={長谷川芳典},
    journal={岡山大学文学部紀要},
    volume={64},
    pages={1--30},
    year={2015},
    publisher={岡山大学文学部}
}

@book{論理療法,
  title={論理療法: 自己説得のサイコセラピイ},
  author={A. エリス and R.A. ハーパー},
  note={國分康孝 訳},
  isbn={9784761002824},
  url={https://books.google.co.jp/books?id=DwJSXwAACAAJ},
  year={1981},
  publisher={川島書店}
}

@book{認知療法,
  title={認知療法: 精神療法の新しい発展},
  author={A.T. ベック},
  note={大野裕 訳},
  isbn={9784753390007},
  series={認知療法シリーズ},
  url={https://books.google.co.jp/books?id=yNdbmQEACAAJ},
  year={1990},
  publisher={岩崎学術出版社}
}

@book{デイヴィドソン,
  title={真理と解釈},
  author={D. デイヴィドソン},
  note={野本和幸 訳},
  isbn={9784326100903},
  url={https://books.google.co.jp/books?id=Tr\_zAQAACAAJ},
  year={1991},
  publisher={勁草書房}
}

@book{キューネン,
  title={集合論: 独立性証明への案内},
  author={ケネス・キューネン},
  note={藤田博司 訳},
  isbn={9784535783829},
  url={https://books.google.co.jp/books?id=3JzJPQAACAAJ},
  year={2008},
  publisher={日本評論社}
}

@book{スマリヤン,
  title={ゲーデルの不完全性定理},
  author={R. スマリヤン},
  note={高橋昌一郎 訳},
  year={1996},
  publisher={丸善株式会社}
}

@article{薄葉,
  title={現代集合論における巨大基数},
  author={薄葉 季路 and 藤田 博司},
  journal={科学基礎論研究},
  volume={39},
  number={2},
  pages={83-92},
  year={2012},
  doi={10.4288/kisoron.39.2_83}
}